%YAML 1.1
%TAG !u! tag:unity3d.com,2011:
--- !u!29 &1
OcclusionCullingSettings:
  m_ObjectHideFlags: 0
  serializedVersion: 2
  m_OcclusionBakeSettings:
    smallestOccluder: 5
    smallestHole: 0.25
    backfaceThreshold: 100
  m_SceneGUID: 00000000000000000000000000000000
  m_OcclusionCullingData: {fileID: 0}
--- !u!104 &2
RenderSettings:
  m_ObjectHideFlags: 0
  serializedVersion: 9
  m_Fog: 0
  m_FogColor: {r: 0.5, g: 0.5, b: 0.5, a: 1}
  m_FogMode: 3
  m_FogDensity: 0.01
  m_LinearFogStart: 0
  m_LinearFogEnd: 300
  m_AmbientSkyColor: {r: 0.212, g: 0.227, b: 0.259, a: 1}
  m_AmbientEquatorColor: {r: 0.114, g: 0.125, b: 0.133, a: 1}
  m_AmbientGroundColor: {r: 0.047, g: 0.043, b: 0.035, a: 1}
  m_AmbientIntensity: 1
  m_AmbientMode: 3
  m_SubtractiveShadowColor: {r: 0.42, g: 0.478, b: 0.627, a: 1}
  m_SkyboxMaterial: {fileID: 0}
  m_HaloStrength: 0.5
  m_FlareStrength: 1
  m_FlareFadeSpeed: 3
  m_HaloTexture: {fileID: 0}
  m_SpotCookie: {fileID: 10001, guid: 0000000000000000e000000000000000, type: 0}
  m_DefaultReflectionMode: 0
  m_DefaultReflectionResolution: 128
  m_ReflectionBounces: 1
  m_ReflectionIntensity: 1
  m_CustomReflection: {fileID: 0}
  m_Sun: {fileID: 0}
  m_IndirectSpecularColor: {r: 0, g: 0, b: 0, a: 1}
  m_UseRadianceAmbientProbe: 0
--- !u!157 &3
LightmapSettings:
  m_ObjectHideFlags: 0
  serializedVersion: 11
  m_GIWorkflowMode: 1
  m_GISettings:
    serializedVersion: 2
    m_BounceScale: 1
    m_IndirectOutputScale: 1
    m_AlbedoBoost: 1
    m_TemporalCoherenceThreshold: 1
    m_EnvironmentLightingMode: 0
    m_EnableBakedLightmaps: 0
    m_EnableRealtimeLightmaps: 0
  m_LightmapEditorSettings:
    serializedVersion: 10
    m_Resolution: 2
    m_BakeResolution: 40
    m_AtlasSize: 1024
    m_AO: 0
    m_AOMaxDistance: 1
    m_CompAOExponent: 1
    m_CompAOExponentDirect: 0
    m_Padding: 2
    m_LightmapParameters: {fileID: 0}
    m_LightmapsBakeMode: 1
    m_TextureCompression: 1
    m_FinalGather: 0
    m_FinalGatherFiltering: 1
    m_FinalGatherRayCount: 256
    m_ReflectionCompression: 2
    m_MixedBakeMode: 2
    m_BakeBackend: 1
    m_PVRSampling: 1
    m_PVRDirectSampleCount: 32
    m_PVRSampleCount: 500
    m_PVRBounces: 2
    m_PVRFilterTypeDirect: 0
    m_PVRFilterTypeIndirect: 0
    m_PVRFilterTypeAO: 0
    m_PVRFilteringMode: 1
    m_PVRCulling: 1
    m_PVRFilteringGaussRadiusDirect: 1
    m_PVRFilteringGaussRadiusIndirect: 5
    m_PVRFilteringGaussRadiusAO: 2
    m_PVRFilteringAtrousPositionSigmaDirect: 0.5
    m_PVRFilteringAtrousPositionSigmaIndirect: 2
    m_PVRFilteringAtrousPositionSigmaAO: 1
    m_ShowResolutionOverlay: 1
  m_LightingDataAsset: {fileID: 0}
  m_UseShadowmask: 1
--- !u!196 &4
NavMeshSettings:
  serializedVersion: 2
  m_ObjectHideFlags: 0
  m_BuildSettings:
    serializedVersion: 2
    agentTypeID: 0
    agentRadius: 0.5
    agentHeight: 2
    agentSlope: 45
    agentClimb: 0.4
    ledgeDropHeight: 0
    maxJumpAcrossDistance: 0
    minRegionArea: 2
    manualCellSize: 0
    cellSize: 0.16666667
    manualTileSize: 0
    tileSize: 256
    accuratePlacement: 0
    debug:
      m_Flags: 0
  m_NavMeshData: {fileID: 0}
--- !u!1001 &202193906
Prefab:
  m_ObjectHideFlags: 0
  serializedVersion: 2
  m_Modification:
    m_TransformParent: {fileID: 0}
    m_Modifications:
    - target: {fileID: 4960302694363032, guid: a0889ae5fe4b6e0478238a38719664dd, type: 2}
      propertyPath: m_LocalPosition.x
      value: 74.5
      objectReference: {fileID: 0}
    - target: {fileID: 4960302694363032, guid: a0889ae5fe4b6e0478238a38719664dd, type: 2}
      propertyPath: m_LocalPosition.y
      value: 0.2
      objectReference: {fileID: 0}
    - target: {fileID: 4960302694363032, guid: a0889ae5fe4b6e0478238a38719664dd, type: 2}
      propertyPath: m_LocalPosition.z
      value: 0
      objectReference: {fileID: 0}
    - target: {fileID: 4960302694363032, guid: a0889ae5fe4b6e0478238a38719664dd, type: 2}
      propertyPath: m_LocalRotation.x
      value: 0
      objectReference: {fileID: 0}
    - target: {fileID: 4960302694363032, guid: a0889ae5fe4b6e0478238a38719664dd, type: 2}
      propertyPath: m_LocalRotation.y
      value: 0
      objectReference: {fileID: 0}
    - target: {fileID: 4960302694363032, guid: a0889ae5fe4b6e0478238a38719664dd, type: 2}
      propertyPath: m_LocalRotation.z
      value: 0
      objectReference: {fileID: 0}
    - target: {fileID: 4960302694363032, guid: a0889ae5fe4b6e0478238a38719664dd, type: 2}
      propertyPath: m_LocalRotation.w
      value: 1
      objectReference: {fileID: 0}
    - target: {fileID: 4960302694363032, guid: a0889ae5fe4b6e0478238a38719664dd, type: 2}
      propertyPath: m_RootOrder
      value: 7
      objectReference: {fileID: 0}
    - target: {fileID: 1923898997491182, guid: a0889ae5fe4b6e0478238a38719664dd, type: 2}
      propertyPath: m_Name
      value: Asteroid (1)
      objectReference: {fileID: 0}
    - target: {fileID: 114375549603527028, guid: a0889ae5fe4b6e0478238a38719664dd,
        type: 2}
      propertyPath: PlanetMass
      value: 10000
      objectReference: {fileID: 0}
    m_RemovedComponents: []
  m_SourcePrefab: {fileID: 100100000, guid: a0889ae5fe4b6e0478238a38719664dd, type: 2}
  m_IsPrefabAsset: 0
--- !u!1001 &240759714
Prefab:
  m_ObjectHideFlags: 0
  serializedVersion: 2
  m_Modification:
    m_TransformParent: {fileID: 0}
    m_Modifications:
    - target: {fileID: 4960302694363032, guid: a0889ae5fe4b6e0478238a38719664dd, type: 2}
      propertyPath: m_LocalPosition.x
      value: 48.4
      objectReference: {fileID: 0}
    - target: {fileID: 4960302694363032, guid: a0889ae5fe4b6e0478238a38719664dd, type: 2}
      propertyPath: m_LocalPosition.y
      value: 15
      objectReference: {fileID: 0}
    - target: {fileID: 4960302694363032, guid: a0889ae5fe4b6e0478238a38719664dd, type: 2}
      propertyPath: m_LocalPosition.z
      value: 0
      objectReference: {fileID: 0}
    - target: {fileID: 4960302694363032, guid: a0889ae5fe4b6e0478238a38719664dd, type: 2}
      propertyPath: m_LocalRotation.x
      value: 0
      objectReference: {fileID: 0}
    - target: {fileID: 4960302694363032, guid: a0889ae5fe4b6e0478238a38719664dd, type: 2}
      propertyPath: m_LocalRotation.y
      value: 0
      objectReference: {fileID: 0}
    - target: {fileID: 4960302694363032, guid: a0889ae5fe4b6e0478238a38719664dd, type: 2}
      propertyPath: m_LocalRotation.z
      value: 0
      objectReference: {fileID: 0}
    - target: {fileID: 4960302694363032, guid: a0889ae5fe4b6e0478238a38719664dd, type: 2}
      propertyPath: m_LocalRotation.w
      value: 1
      objectReference: {fileID: 0}
    - target: {fileID: 4960302694363032, guid: a0889ae5fe4b6e0478238a38719664dd, type: 2}
      propertyPath: m_RootOrder
      value: 8
      objectReference: {fileID: 0}
    - target: {fileID: 1923898997491182, guid: a0889ae5fe4b6e0478238a38719664dd, type: 2}
      propertyPath: m_Name
      value: PlanetSample (2)
      objectReference: {fileID: 0}
    - target: {fileID: 114375549603527028, guid: a0889ae5fe4b6e0478238a38719664dd,
        type: 2}
      propertyPath: PlanetMass
      value: 8000
      objectReference: {fileID: 0}
    - target: {fileID: 114375549603527028, guid: a0889ae5fe4b6e0478238a38719664dd,
        type: 2}
      propertyPath: PlanetSize
      value: 20
      objectReference: {fileID: 0}
    - target: {fileID: 4960302694363032, guid: a0889ae5fe4b6e0478238a38719664dd, type: 2}
      propertyPath: m_LocalScale.x
      value: 20
      objectReference: {fileID: 0}
    - target: {fileID: 4960302694363032, guid: a0889ae5fe4b6e0478238a38719664dd, type: 2}
      propertyPath: m_LocalScale.y
      value: 20
      objectReference: {fileID: 0}
    m_RemovedComponents: []
  m_SourcePrefab: {fileID: 100100000, guid: a0889ae5fe4b6e0478238a38719664dd, type: 2}
  m_IsPrefabAsset: 0
--- !u!1001 &582335710
Prefab:
  m_ObjectHideFlags: 0
  serializedVersion: 2
  m_Modification:
    m_TransformParent: {fileID: 0}
    m_Modifications:
    - target: {fileID: 4125280736119572, guid: 27c4fcb5f0d2cb646b44b1958ad61f2a, type: 2}
      propertyPath: m_LocalPosition.x
      value: 63.522816
      objectReference: {fileID: 0}
    - target: {fileID: 4125280736119572, guid: 27c4fcb5f0d2cb646b44b1958ad61f2a, type: 2}
      propertyPath: m_LocalPosition.y
      value: 4.18314
      objectReference: {fileID: 0}
    - target: {fileID: 4125280736119572, guid: 27c4fcb5f0d2cb646b44b1958ad61f2a, type: 2}
      propertyPath: m_LocalPosition.z
      value: 0
      objectReference: {fileID: 0}
    - target: {fileID: 4125280736119572, guid: 27c4fcb5f0d2cb646b44b1958ad61f2a, type: 2}
      propertyPath: m_LocalRotation.x
      value: 0
      objectReference: {fileID: 0}
    - target: {fileID: 4125280736119572, guid: 27c4fcb5f0d2cb646b44b1958ad61f2a, type: 2}
      propertyPath: m_LocalRotation.y
      value: 0
      objectReference: {fileID: 0}
    - target: {fileID: 4125280736119572, guid: 27c4fcb5f0d2cb646b44b1958ad61f2a, type: 2}
      propertyPath: m_LocalRotation.z
      value: 0
      objectReference: {fileID: 0}
    - target: {fileID: 4125280736119572, guid: 27c4fcb5f0d2cb646b44b1958ad61f2a, type: 2}
      propertyPath: m_LocalRotation.w
      value: 1
      objectReference: {fileID: 0}
    - target: {fileID: 4125280736119572, guid: 27c4fcb5f0d2cb646b44b1958ad61f2a, type: 2}
      propertyPath: m_RootOrder
      value: 1
      objectReference: {fileID: 0}
    - target: {fileID: 1019613315029806, guid: 27c4fcb5f0d2cb646b44b1958ad61f2a, type: 2}
      propertyPath: m_Name
      value: Starlight (6)
      objectReference: {fileID: 0}
    m_RemovedComponents: []
  m_SourcePrefab: {fileID: 100100000, guid: 27c4fcb5f0d2cb646b44b1958ad61f2a, type: 2}
  m_IsPrefabAsset: 0
--- !u!1001 &642398944
Prefab:
  m_ObjectHideFlags: 0
  serializedVersion: 2
  m_Modification:
    m_TransformParent: {fileID: 0}
    m_Modifications:
    - target: {fileID: 4234550076339152, guid: 39bcfd38ecb48c945a053c816b0ba60b, type: 2}
      propertyPath: m_LocalPosition.x
      value: 59.89
      objectReference: {fileID: 0}
    - target: {fileID: 4234550076339152, guid: 39bcfd38ecb48c945a053c816b0ba60b, type: 2}
      propertyPath: m_LocalPosition.y
      value: -0.13
      objectReference: {fileID: 0}
    - target: {fileID: 4234550076339152, guid: 39bcfd38ecb48c945a053c816b0ba60b, type: 2}
      propertyPath: m_LocalPosition.z
      value: 0
      objectReference: {fileID: 0}
    - target: {fileID: 4234550076339152, guid: 39bcfd38ecb48c945a053c816b0ba60b, type: 2}
      propertyPath: m_LocalRotation.x
      value: 0
      objectReference: {fileID: 0}
    - target: {fileID: 4234550076339152, guid: 39bcfd38ecb48c945a053c816b0ba60b, type: 2}
      propertyPath: m_LocalRotation.y
      value: 0
      objectReference: {fileID: 0}
    - target: {fileID: 4234550076339152, guid: 39bcfd38ecb48c945a053c816b0ba60b, type: 2}
      propertyPath: m_LocalRotation.z
      value: 0
      objectReference: {fileID: 0}
    - target: {fileID: 4234550076339152, guid: 39bcfd38ecb48c945a053c816b0ba60b, type: 2}
      propertyPath: m_LocalRotation.w
      value: 1
      objectReference: {fileID: 0}
    - target: {fileID: 4234550076339152, guid: 39bcfd38ecb48c945a053c816b0ba60b, type: 2}
      propertyPath: m_RootOrder
      value: 11
      objectReference: {fileID: 0}
    m_RemovedComponents: []
  m_SourcePrefab: {fileID: 100100000, guid: 39bcfd38ecb48c945a053c816b0ba60b, type: 2}
  m_IsPrefabAsset: 0
--- !u!1001 &814085129
Prefab:
  m_ObjectHideFlags: 0
  serializedVersion: 2
  m_Modification:
    m_TransformParent: {fileID: 0}
    m_Modifications:
    - target: {fileID: 4960302694363032, guid: a0889ae5fe4b6e0478238a38719664dd, type: 2}
      propertyPath: m_LocalPosition.x
      value: 0
      objectReference: {fileID: 0}
    - target: {fileID: 4960302694363032, guid: a0889ae5fe4b6e0478238a38719664dd, type: 2}
      propertyPath: m_LocalPosition.y
      value: -10.3
      objectReference: {fileID: 0}
    - target: {fileID: 4960302694363032, guid: a0889ae5fe4b6e0478238a38719664dd, type: 2}
      propertyPath: m_LocalPosition.z
      value: 0
      objectReference: {fileID: 0}
    - target: {fileID: 4960302694363032, guid: a0889ae5fe4b6e0478238a38719664dd, type: 2}
      propertyPath: m_LocalRotation.x
      value: 0
      objectReference: {fileID: 0}
    - target: {fileID: 4960302694363032, guid: a0889ae5fe4b6e0478238a38719664dd, type: 2}
      propertyPath: m_LocalRotation.y
      value: 0
      objectReference: {fileID: 0}
    - target: {fileID: 4960302694363032, guid: a0889ae5fe4b6e0478238a38719664dd, type: 2}
      propertyPath: m_LocalRotation.z
      value: 0
      objectReference: {fileID: 0}
    - target: {fileID: 4960302694363032, guid: a0889ae5fe4b6e0478238a38719664dd, type: 2}
      propertyPath: m_LocalRotation.w
      value: 1
      objectReference: {fileID: 0}
    - target: {fileID: 4960302694363032, guid: a0889ae5fe4b6e0478238a38719664dd, type: 2}
      propertyPath: m_RootOrder
      value: 10
      objectReference: {fileID: 0}
    - target: {fileID: 114375549603527028, guid: a0889ae5fe4b6e0478238a38719664dd,
        type: 2}
      propertyPath: PlanetMass
      value: 2000
      objectReference: {fileID: 0}
    m_RemovedComponents: []
  m_SourcePrefab: {fileID: 100100000, guid: a0889ae5fe4b6e0478238a38719664dd, type: 2}
  m_IsPrefabAsset: 0
--- !u!1001 &852342798
Prefab:
  m_ObjectHideFlags: 0
  serializedVersion: 2
  m_Modification:
    m_TransformParent: {fileID: 0}
    m_Modifications:
    - target: {fileID: 4125280736119572, guid: 27c4fcb5f0d2cb646b44b1958ad61f2a, type: 2}
      propertyPath: m_LocalPosition.x
      value: 59.4
      objectReference: {fileID: 0}
    - target: {fileID: 4125280736119572, guid: 27c4fcb5f0d2cb646b44b1958ad61f2a, type: 2}
      propertyPath: m_LocalPosition.y
      value: 6.21
      objectReference: {fileID: 0}
    - target: {fileID: 4125280736119572, guid: 27c4fcb5f0d2cb646b44b1958ad61f2a, type: 2}
      propertyPath: m_LocalPosition.z
      value: 0
      objectReference: {fileID: 0}
    - target: {fileID: 4125280736119572, guid: 27c4fcb5f0d2cb646b44b1958ad61f2a, type: 2}
      propertyPath: m_LocalRotation.x
      value: 0
      objectReference: {fileID: 0}
    - target: {fileID: 4125280736119572, guid: 27c4fcb5f0d2cb646b44b1958ad61f2a, type: 2}
      propertyPath: m_LocalRotation.y
      value: 0
      objectReference: {fileID: 0}
    - target: {fileID: 4125280736119572, guid: 27c4fcb5f0d2cb646b44b1958ad61f2a, type: 2}
      propertyPath: m_LocalRotation.z
      value: 0
      objectReference: {fileID: 0}
    - target: {fileID: 4125280736119572, guid: 27c4fcb5f0d2cb646b44b1958ad61f2a, type: 2}
      propertyPath: m_LocalRotation.w
      value: 1
      objectReference: {fileID: 0}
    - target: {fileID: 4125280736119572, guid: 27c4fcb5f0d2cb646b44b1958ad61f2a, type: 2}
      propertyPath: m_RootOrder
      value: 2
      objectReference: {fileID: 0}
    - target: {fileID: 1019613315029806, guid: 27c4fcb5f0d2cb646b44b1958ad61f2a, type: 2}
      propertyPath: m_Name
      value: Starlight (5)
      objectReference: {fileID: 0}
    m_RemovedComponents: []
  m_SourcePrefab: {fileID: 100100000, guid: 27c4fcb5f0d2cb646b44b1958ad61f2a, type: 2}
  m_IsPrefabAsset: 0
--- !u!1001 &987868495
Prefab:
  m_ObjectHideFlags: 0
  serializedVersion: 2
  m_Modification:
    m_TransformParent: {fileID: 0}
    m_Modifications:
    - target: {fileID: 4125280736119572, guid: 27c4fcb5f0d2cb646b44b1958ad61f2a, type: 2}
      propertyPath: m_LocalPosition.x
      value: 41
      objectReference: {fileID: 0}
    - target: {fileID: 4125280736119572, guid: 27c4fcb5f0d2cb646b44b1958ad61f2a, type: 2}
      propertyPath: m_LocalPosition.y
      value: 3.8
      objectReference: {fileID: 0}
    - target: {fileID: 4125280736119572, guid: 27c4fcb5f0d2cb646b44b1958ad61f2a, type: 2}
      propertyPath: m_LocalPosition.z
      value: 0
      objectReference: {fileID: 0}
    - target: {fileID: 4125280736119572, guid: 27c4fcb5f0d2cb646b44b1958ad61f2a, type: 2}
      propertyPath: m_LocalRotation.x
      value: 0
      objectReference: {fileID: 0}
    - target: {fileID: 4125280736119572, guid: 27c4fcb5f0d2cb646b44b1958ad61f2a, type: 2}
      propertyPath: m_LocalRotation.y
      value: 0
      objectReference: {fileID: 0}
    - target: {fileID: 4125280736119572, guid: 27c4fcb5f0d2cb646b44b1958ad61f2a, type: 2}
      propertyPath: m_LocalRotation.z
      value: 0
      objectReference: {fileID: 0}
    - target: {fileID: 4125280736119572, guid: 27c4fcb5f0d2cb646b44b1958ad61f2a, type: 2}
      propertyPath: m_LocalRotation.w
      value: 1
      objectReference: {fileID: 0}
    - target: {fileID: 4125280736119572, guid: 27c4fcb5f0d2cb646b44b1958ad61f2a, type: 2}
      propertyPath: m_RootOrder
      value: 3
      objectReference: {fileID: 0}
    - target: {fileID: 1019613315029806, guid: 27c4fcb5f0d2cb646b44b1958ad61f2a, type: 2}
      propertyPath: m_Name
      value: Starlight (4)
      objectReference: {fileID: 0}
    m_RemovedComponents: []
  m_SourcePrefab: {fileID: 100100000, guid: 27c4fcb5f0d2cb646b44b1958ad61f2a, type: 2}
  m_IsPrefabAsset: 0
--- !u!224 &1003340628 stripped
RectTransform:
  m_CorrespondingSourceObject: {fileID: 224492495445734222, guid: 1543d35b49192d149b3cc3635408d358,
    type: 2}
  m_PrefabInternal: {fileID: 1694452457}
--- !u!1001 &1085638704
Prefab:
  m_ObjectHideFlags: 0
  serializedVersion: 2
  m_Modification:
    m_TransformParent: {fileID: 0}
    m_Modifications:
    - target: {fileID: 4125280736119572, guid: 27c4fcb5f0d2cb646b44b1958ad61f2a, type: 2}
      propertyPath: m_LocalPosition.x
      value: 17.35508
      objectReference: {fileID: 0}
    - target: {fileID: 4125280736119572, guid: 27c4fcb5f0d2cb646b44b1958ad61f2a, type: 2}
      propertyPath: m_LocalPosition.y
      value: -10.226452
      objectReference: {fileID: 0}
    - target: {fileID: 4125280736119572, guid: 27c4fcb5f0d2cb646b44b1958ad61f2a, type: 2}
      propertyPath: m_LocalPosition.z
      value: 0
      objectReference: {fileID: 0}
    - target: {fileID: 4125280736119572, guid: 27c4fcb5f0d2cb646b44b1958ad61f2a, type: 2}
      propertyPath: m_LocalRotation.x
      value: 0
      objectReference: {fileID: 0}
    - target: {fileID: 4125280736119572, guid: 27c4fcb5f0d2cb646b44b1958ad61f2a, type: 2}
      propertyPath: m_LocalRotation.y
      value: 0
      objectReference: {fileID: 0}
    - target: {fileID: 4125280736119572, guid: 27c4fcb5f0d2cb646b44b1958ad61f2a, type: 2}
      propertyPath: m_LocalRotation.z
      value: 0
      objectReference: {fileID: 0}
    - target: {fileID: 4125280736119572, guid: 27c4fcb5f0d2cb646b44b1958ad61f2a, type: 2}
      propertyPath: m_LocalRotation.w
      value: 1
      objectReference: {fileID: 0}
    - target: {fileID: 4125280736119572, guid: 27c4fcb5f0d2cb646b44b1958ad61f2a, type: 2}
      propertyPath: m_RootOrder
      value: 6
      objectReference: {fileID: 0}
    - target: {fileID: 1019613315029806, guid: 27c4fcb5f0d2cb646b44b1958ad61f2a, type: 2}
      propertyPath: m_Name
      value: Starlight (1)
      objectReference: {fileID: 0}
    m_RemovedComponents: []
  m_SourcePrefab: {fileID: 100100000, guid: 27c4fcb5f0d2cb646b44b1958ad61f2a, type: 2}
  m_IsPrefabAsset: 0
--- !u!1001 &1191827949
Prefab:
  m_ObjectHideFlags: 0
  serializedVersion: 2
  m_Modification:
    m_TransformParent: {fileID: 0}
    m_Modifications:
    - target: {fileID: 4960302694363032, guid: a0889ae5fe4b6e0478238a38719664dd, type: 2}
      propertyPath: m_LocalPosition.x
      value: 31.4
      objectReference: {fileID: 0}
    - target: {fileID: 4960302694363032, guid: a0889ae5fe4b6e0478238a38719664dd, type: 2}
      propertyPath: m_LocalPosition.y
      value: -19.596828
      objectReference: {fileID: 0}
    - target: {fileID: 4960302694363032, guid: a0889ae5fe4b6e0478238a38719664dd, type: 2}
      propertyPath: m_LocalPosition.z
      value: 0
      objectReference: {fileID: 0}
    - target: {fileID: 4960302694363032, guid: a0889ae5fe4b6e0478238a38719664dd, type: 2}
      propertyPath: m_LocalRotation.x
      value: 0
      objectReference: {fileID: 0}
    - target: {fileID: 4960302694363032, guid: a0889ae5fe4b6e0478238a38719664dd, type: 2}
      propertyPath: m_LocalRotation.y
      value: 0
      objectReference: {fileID: 0}
    - target: {fileID: 4960302694363032, guid: a0889ae5fe4b6e0478238a38719664dd, type: 2}
      propertyPath: m_LocalRotation.z
      value: 0
      objectReference: {fileID: 0}
    - target: {fileID: 4960302694363032, guid: a0889ae5fe4b6e0478238a38719664dd, type: 2}
      propertyPath: m_LocalRotation.w
      value: 1
      objectReference: {fileID: 0}
    - target: {fileID: 4960302694363032, guid: a0889ae5fe4b6e0478238a38719664dd, type: 2}
      propertyPath: m_RootOrder
      value: 9
      objectReference: {fileID: 0}
    - target: {fileID: 1923898997491182, guid: a0889ae5fe4b6e0478238a38719664dd, type: 2}
      propertyPath: m_Name
      value: PlanetSample (1)
      objectReference: {fileID: 0}
    - target: {fileID: 114375549603527028, guid: a0889ae5fe4b6e0478238a38719664dd,
        type: 2}
      propertyPath: PlanetMass
      value: 6000
      objectReference: {fileID: 0}
    - target: {fileID: 114375549603527028, guid: a0889ae5fe4b6e0478238a38719664dd,
        type: 2}
      propertyPath: PlanetSize
      value: 25
      objectReference: {fileID: 0}
    - target: {fileID: 4960302694363032, guid: a0889ae5fe4b6e0478238a38719664dd, type: 2}
      propertyPath: m_LocalScale.x
      value: 25
      objectReference: {fileID: 0}
    - target: {fileID: 4960302694363032, guid: a0889ae5fe4b6e0478238a38719664dd, type: 2}
      propertyPath: m_LocalScale.y
      value: 25
      objectReference: {fileID: 0}
    m_RemovedComponents: []
  m_SourcePrefab: {fileID: 100100000, guid: a0889ae5fe4b6e0478238a38719664dd, type: 2}
  m_IsPrefabAsset: 0
--- !u!1 &1624205035
GameObject:
  m_ObjectHideFlags: 0
  m_CorrespondingSourceObject: {fileID: 1291843728114888, guid: 1543d35b49192d149b3cc3635408d358,
    type: 2}
  m_PrefabInternal: {fileID: 0}
  serializedVersion: 6
  m_Component:
  - component: {fileID: 1624205036}
  - component: {fileID: 1624205039}
  - component: {fileID: 1624205038}
  - component: {fileID: 1624205037}
  m_Layer: 5
  m_Name: Back
  m_TagString: Untagged
  m_Icon: {fileID: 0}
  m_NavMeshLayer: 0
  m_StaticEditorFlags: 0
  m_IsActive: 1
--- !u!224 &1624205036
RectTransform:
  m_ObjectHideFlags: 0
  m_CorrespondingSourceObject: {fileID: 224439044549822628, guid: 1543d35b49192d149b3cc3635408d358,
    type: 2}
  m_PrefabInternal: {fileID: 0}
  m_GameObject: {fileID: 1624205035}
  m_LocalRotation: {x: -0, y: -0, z: -0, w: 1}
  m_LocalPosition: {x: 0, y: 0, z: 0}
  m_LocalScale: {x: 0.9999998, y: 0.9999998, z: 1}
  m_Children: []
  m_Father: {fileID: 1003340628}
  m_RootOrder: 0
  m_LocalEulerAnglesHint: {x: 0, y: 0, z: 0}
  m_AnchorMin: {x: 1, y: 1}
  m_AnchorMax: {x: 1, y: 1}
  m_AnchoredPosition: {x: -149.99988, y: -149.99988}
  m_SizeDelta: {x: 233, y: 233}
  m_Pivot: {x: 0.5, y: 0.5}
--- !u!114 &1624205037
MonoBehaviour:
  m_ObjectHideFlags: 0
  m_CorrespondingSourceObject: {fileID: 114730522334181868, guid: 1543d35b49192d149b3cc3635408d358,
    type: 2}
  m_PrefabInternal: {fileID: 0}
  m_GameObject: {fileID: 1624205035}
  m_Enabled: 1
  m_EditorHideFlags: 0
  m_Script: {fileID: 11500000, guid: 8661cf954c1a2924d81ee106b56f115a, type: 3}
  m_Name: 
  m_EditorClassIdentifier: 
  PlanetMarker: {fileID: 1823346607463678, guid: e99d00c4996180d478091c634a020428,
    type: 2}
  RadarMultiplyer: 1.2
  RadarSize: 115
--- !u!114 &1624205038
MonoBehaviour:
  m_ObjectHideFlags: 0
  m_CorrespondingSourceObject: {fileID: 114746852041022176, guid: 1543d35b49192d149b3cc3635408d358,
    type: 2}
  m_PrefabInternal: {fileID: 0}
  m_GameObject: {fileID: 1624205035}
  m_Enabled: 1
  m_EditorHideFlags: 0
  m_Script: {fileID: -765806418, guid: f70555f144d8491a825f0804e09c671c, type: 3}
  m_Name: 
  m_EditorClassIdentifier: 
  m_Material: {fileID: 0}
  m_Color: {r: 1, g: 1, b: 1, a: 0.6509804}
  m_RaycastTarget: 1
  m_OnCullStateChanged:
    m_PersistentCalls:
      m_Calls: []
    m_TypeName: UnityEngine.UI.MaskableGraphic+CullStateChangedEvent, UnityEngine.UI,
      Version=1.0.0.0, Culture=neutral, PublicKeyToken=null
  m_Sprite: {fileID: 21300000, guid: 970f82274ca95074bbd61d94a230fc3d, type: 3}
  m_Type: 0
  m_PreserveAspect: 0
  m_FillCenter: 1
  m_FillMethod: 4
  m_FillAmount: 1
  m_FillClockwise: 1
  m_FillOrigin: 0
--- !u!222 &1624205039
CanvasRenderer:
  m_ObjectHideFlags: 0
  m_CorrespondingSourceObject: {fileID: 222169617792698030, guid: 1543d35b49192d149b3cc3635408d358,
    type: 2}
  m_PrefabInternal: {fileID: 0}
  m_GameObject: {fileID: 1624205035}
  m_CullTransparentMesh: 0
--- !u!1001 &1694452457
Prefab:
  m_ObjectHideFlags: 0
  serializedVersion: 2
  m_Modification:
    m_TransformParent: {fileID: 0}
    m_Modifications:
    - target: {fileID: 114953224457626906, guid: 1543d35b49192d149b3cc3635408d358,
        type: 2}
      propertyPath: Backgrounds.Array.size
      value: 4
      objectReference: {fileID: 0}
    - target: {fileID: 114121124361661466, guid: 1543d35b49192d149b3cc3635408d358,
        type: 2}
      propertyPath: Backgrounds.Array.size
      value: 4
      objectReference: {fileID: 0}
    - target: {fileID: 114589613089244864, guid: 1543d35b49192d149b3cc3635408d358,
        type: 2}
      propertyPath: Backgrounds.Array.size
      value: 4
      objectReference: {fileID: 0}
    - target: {fileID: 114914172066580184, guid: 1543d35b49192d149b3cc3635408d358,
        type: 2}
      propertyPath: Backgrounds.Array.size
      value: 4
      objectReference: {fileID: 0}
    - target: {fileID: 114194496605336608, guid: 1543d35b49192d149b3cc3635408d358,
        type: 2}
      propertyPath: Backgrounds.Array.size
      value: 4
      objectReference: {fileID: 0}
    - target: {fileID: 114624771723595276, guid: 1543d35b49192d149b3cc3635408d358,
        type: 2}
      propertyPath: Backgrounds.Array.size
      value: 4
      objectReference: {fileID: 0}
    - target: {fileID: 114575815248599488, guid: 1543d35b49192d149b3cc3635408d358,
        type: 2}
      propertyPath: Backgrounds.Array.size
      value: 4
      objectReference: {fileID: 0}
    - target: {fileID: 4825258279018022, guid: 1543d35b49192d149b3cc3635408d358, type: 2}
      propertyPath: m_LocalPosition.x
      value: 0
      objectReference: {fileID: 0}
    - target: {fileID: 4825258279018022, guid: 1543d35b49192d149b3cc3635408d358, type: 2}
      propertyPath: m_LocalPosition.y
      value: 0
      objectReference: {fileID: 0}
    - target: {fileID: 4825258279018022, guid: 1543d35b49192d149b3cc3635408d358, type: 2}
      propertyPath: m_LocalPosition.z
      value: 0
      objectReference: {fileID: 0}
    - target: {fileID: 4825258279018022, guid: 1543d35b49192d149b3cc3635408d358, type: 2}
      propertyPath: m_LocalRotation.x
      value: 0
      objectReference: {fileID: 0}
    - target: {fileID: 4825258279018022, guid: 1543d35b49192d149b3cc3635408d358, type: 2}
      propertyPath: m_LocalRotation.y
      value: 0
      objectReference: {fileID: 0}
    - target: {fileID: 4825258279018022, guid: 1543d35b49192d149b3cc3635408d358, type: 2}
      propertyPath: m_LocalRotation.z
      value: 0
      objectReference: {fileID: 0}
    - target: {fileID: 4825258279018022, guid: 1543d35b49192d149b3cc3635408d358, type: 2}
      propertyPath: m_LocalRotation.w
      value: 1
      objectReference: {fileID: 0}
    - target: {fileID: 4825258279018022, guid: 1543d35b49192d149b3cc3635408d358, type: 2}
      propertyPath: m_RootOrder
      value: 0
      objectReference: {fileID: 0}
    - target: {fileID: 114483130983080310, guid: 1543d35b49192d149b3cc3635408d358,
        type: 2}
      propertyPath: Planets.Array.data[0]
      value: 
      objectReference: {fileID: 0}
    - target: {fileID: 114483130983080310, guid: 1543d35b49192d149b3cc3635408d358,
        type: 2}
      propertyPath: Planets.Array.data[1]
      value: 
      objectReference: {fileID: 0}
    - target: {fileID: 224335011014626714, guid: 1543d35b49192d149b3cc3635408d358,
        type: 2}
      propertyPath: m_RootOrder
      value: 2
      objectReference: {fileID: 0}
    - target: {fileID: 224439044549822628, guid: 1543d35b49192d149b3cc3635408d358,
        type: 2}
      propertyPath: m_RootOrder
      value: 1
      objectReference: {fileID: 0}
    - target: {fileID: 114953224457626906, guid: 1543d35b49192d149b3cc3635408d358,
        type: 2}
      propertyPath: Backgrounds.Array.data[0]
      value: 
      objectReference: {fileID: 21300000, guid: 433486478423d65409ae8a70f33ea1b4,
        type: 3}
    - target: {fileID: 114953224457626906, guid: 1543d35b49192d149b3cc3635408d358,
        type: 2}
      propertyPath: Backgrounds.Array.data[1]
      value: 
      objectReference: {fileID: 21300000, guid: 80a367b39d64e704492ba5dec3fe4d77,
        type: 3}
    - target: {fileID: 114953224457626906, guid: 1543d35b49192d149b3cc3635408d358,
        type: 2}
      propertyPath: Backgrounds.Array.data[2]
      value: 
      objectReference: {fileID: 21300000, guid: 7f5960cdee57f054f8d1992800ab4c96,
        type: 3}
    - target: {fileID: 114953224457626906, guid: 1543d35b49192d149b3cc3635408d358,
        type: 2}
      propertyPath: Backgrounds.Array.data[3]
      value: 
      objectReference: {fileID: 21300000, guid: 2914a27936f952c41a9552a5c39d96c0,
        type: 3}
    - target: {fileID: 114121124361661466, guid: 1543d35b49192d149b3cc3635408d358,
        type: 2}
      propertyPath: Backgrounds.Array.data[0]
      value: 
      objectReference: {fileID: 21300000, guid: 433486478423d65409ae8a70f33ea1b4,
        type: 3}
    - target: {fileID: 114121124361661466, guid: 1543d35b49192d149b3cc3635408d358,
        type: 2}
      propertyPath: Backgrounds.Array.data[1]
      value: 
      objectReference: {fileID: 21300000, guid: 80a367b39d64e704492ba5dec3fe4d77,
        type: 3}
    - target: {fileID: 114121124361661466, guid: 1543d35b49192d149b3cc3635408d358,
        type: 2}
      propertyPath: Backgrounds.Array.data[2]
      value: 
      objectReference: {fileID: 21300000, guid: 7f5960cdee57f054f8d1992800ab4c96,
        type: 3}
    - target: {fileID: 114121124361661466, guid: 1543d35b49192d149b3cc3635408d358,
        type: 2}
      propertyPath: Backgrounds.Array.data[3]
      value: 
      objectReference: {fileID: 21300000, guid: 2914a27936f952c41a9552a5c39d96c0,
        type: 3}
    - target: {fileID: 114589613089244864, guid: 1543d35b49192d149b3cc3635408d358,
        type: 2}
      propertyPath: Backgrounds.Array.data[0]
      value: 
      objectReference: {fileID: 21300000, guid: 433486478423d65409ae8a70f33ea1b4,
        type: 3}
    - target: {fileID: 114589613089244864, guid: 1543d35b49192d149b3cc3635408d358,
        type: 2}
      propertyPath: Backgrounds.Array.data[1]
      value: 
      objectReference: {fileID: 21300000, guid: 80a367b39d64e704492ba5dec3fe4d77,
        type: 3}
    - target: {fileID: 114589613089244864, guid: 1543d35b49192d149b3cc3635408d358,
        type: 2}
      propertyPath: Backgrounds.Array.data[2]
      value: 
      objectReference: {fileID: 21300000, guid: 7f5960cdee57f054f8d1992800ab4c96,
        type: 3}
    - target: {fileID: 114589613089244864, guid: 1543d35b49192d149b3cc3635408d358,
        type: 2}
      propertyPath: Backgrounds.Array.data[3]
      value: 
      objectReference: {fileID: 21300000, guid: 2914a27936f952c41a9552a5c39d96c0,
        type: 3}
    - target: {fileID: 114914172066580184, guid: 1543d35b49192d149b3cc3635408d358,
        type: 2}
      propertyPath: Backgrounds.Array.data[0]
      value: 
      objectReference: {fileID: 21300000, guid: 433486478423d65409ae8a70f33ea1b4,
        type: 3}
    - target: {fileID: 114914172066580184, guid: 1543d35b49192d149b3cc3635408d358,
        type: 2}
      propertyPath: Backgrounds.Array.data[1]
      value: 
      objectReference: {fileID: 21300000, guid: 80a367b39d64e704492ba5dec3fe4d77,
        type: 3}
    - target: {fileID: 114914172066580184, guid: 1543d35b49192d149b3cc3635408d358,
        type: 2}
      propertyPath: Backgrounds.Array.data[2]
      value: 
      objectReference: {fileID: 21300000, guid: 7f5960cdee57f054f8d1992800ab4c96,
        type: 3}
    - target: {fileID: 114914172066580184, guid: 1543d35b49192d149b3cc3635408d358,
        type: 2}
      propertyPath: Backgrounds.Array.data[3]
      value: 
      objectReference: {fileID: 21300000, guid: 2914a27936f952c41a9552a5c39d96c0,
        type: 3}
    - target: {fileID: 114194496605336608, guid: 1543d35b49192d149b3cc3635408d358,
        type: 2}
      propertyPath: Backgrounds.Array.data[0]
      value: 
      objectReference: {fileID: 21300000, guid: 433486478423d65409ae8a70f33ea1b4,
        type: 3}
    - target: {fileID: 114194496605336608, guid: 1543d35b49192d149b3cc3635408d358,
        type: 2}
      propertyPath: Backgrounds.Array.data[1]
      value: 
      objectReference: {fileID: 21300000, guid: 80a367b39d64e704492ba5dec3fe4d77,
        type: 3}
    - target: {fileID: 114194496605336608, guid: 1543d35b49192d149b3cc3635408d358,
        type: 2}
      propertyPath: Backgrounds.Array.data[2]
      value: 
      objectReference: {fileID: 21300000, guid: 7f5960cdee57f054f8d1992800ab4c96,
        type: 3}
    - target: {fileID: 114194496605336608, guid: 1543d35b49192d149b3cc3635408d358,
        type: 2}
      propertyPath: Backgrounds.Array.data[3]
      value: 
      objectReference: {fileID: 21300000, guid: 2914a27936f952c41a9552a5c39d96c0,
        type: 3}
    - target: {fileID: 114624771723595276, guid: 1543d35b49192d149b3cc3635408d358,
        type: 2}
      propertyPath: Backgrounds.Array.data[0]
      value: 
      objectReference: {fileID: 21300000, guid: 433486478423d65409ae8a70f33ea1b4,
        type: 3}
    - target: {fileID: 114624771723595276, guid: 1543d35b49192d149b3cc3635408d358,
        type: 2}
      propertyPath: Backgrounds.Array.data[1]
      value: 
      objectReference: {fileID: 21300000, guid: 80a367b39d64e704492ba5dec3fe4d77,
        type: 3}
    - target: {fileID: 114624771723595276, guid: 1543d35b49192d149b3cc3635408d358,
        type: 2}
      propertyPath: Backgrounds.Array.data[2]
      value: 
      objectReference: {fileID: 21300000, guid: 7f5960cdee57f054f8d1992800ab4c96,
        type: 3}
    - target: {fileID: 114624771723595276, guid: 1543d35b49192d149b3cc3635408d358,
        type: 2}
      propertyPath: Backgrounds.Array.data[3]
      value: 
      objectReference: {fileID: 21300000, guid: 2914a27936f952c41a9552a5c39d96c0,
        type: 3}
    - target: {fileID: 114575815248599488, guid: 1543d35b49192d149b3cc3635408d358,
        type: 2}
      propertyPath: Backgrounds.Array.data[0]
      value: 
      objectReference: {fileID: 21300000, guid: 433486478423d65409ae8a70f33ea1b4,
        type: 3}
    - target: {fileID: 114575815248599488, guid: 1543d35b49192d149b3cc3635408d358,
        type: 2}
      propertyPath: Backgrounds.Array.data[1]
      value: 
      objectReference: {fileID: 21300000, guid: 80a367b39d64e704492ba5dec3fe4d77,
        type: 3}
    - target: {fileID: 114575815248599488, guid: 1543d35b49192d149b3cc3635408d358,
        type: 2}
      propertyPath: Backgrounds.Array.data[2]
      value: 
      objectReference: {fileID: 21300000, guid: 7f5960cdee57f054f8d1992800ab4c96,
        type: 3}
    - target: {fileID: 114575815248599488, guid: 1543d35b49192d149b3cc3635408d358,
        type: 2}
      propertyPath: Backgrounds.Array.data[3]
      value: 
      objectReference: {fileID: 21300000, guid: 2914a27936f952c41a9552a5c39d96c0,
        type: 3}
    - target: {fileID: 212547343303726034, guid: 1543d35b49192d149b3cc3635408d358,
        type: 2}
      propertyPath: m_Sprite
      value: 
      objectReference: {fileID: 21300000, guid: 433486478423d65409ae8a70f33ea1b4,
        type: 3}
    - target: {fileID: 212641039809354968, guid: 1543d35b49192d149b3cc3635408d358,
        type: 2}
      propertyPath: m_Sprite
      value: 
      objectReference: {fileID: 21300000, guid: 433486478423d65409ae8a70f33ea1b4,
        type: 3}
    - target: {fileID: 212472439626260380, guid: 1543d35b49192d149b3cc3635408d358,
        type: 2}
      propertyPath: m_Sprite
      value: 
      objectReference: {fileID: 21300000, guid: 433486478423d65409ae8a70f33ea1b4,
        type: 3}
    - target: {fileID: 212927996692160004, guid: 1543d35b49192d149b3cc3635408d358,
        type: 2}
      propertyPath: m_Sprite
      value: 
      objectReference: {fileID: 21300000, guid: 433486478423d65409ae8a70f33ea1b4,
        type: 3}
    - target: {fileID: 212911379422246278, guid: 1543d35b49192d149b3cc3635408d358,
        type: 2}
      propertyPath: m_Sprite
      value: 
      objectReference: {fileID: 21300000, guid: 433486478423d65409ae8a70f33ea1b4,
        type: 3}
    - target: {fileID: 212198692247309232, guid: 1543d35b49192d149b3cc3635408d358,
        type: 2}
      propertyPath: m_Sprite
      value: 
      objectReference: {fileID: 21300000, guid: 433486478423d65409ae8a70f33ea1b4,
        type: 3}
    - target: {fileID: 212267783856532768, guid: 1543d35b49192d149b3cc3635408d358,
        type: 2}
      propertyPath: m_Sprite
      value: 
      objectReference: {fileID: 21300000, guid: 433486478423d65409ae8a70f33ea1b4,
        type: 3}
    - target: {fileID: 212511910549940226, guid: 1543d35b49192d149b3cc3635408d358,
        type: 2}
      propertyPath: m_Sprite
      value: 
      objectReference: {fileID: 21300000, guid: 433486478423d65409ae8a70f33ea1b4,
        type: 3}
    - target: {fileID: 212349264461651676, guid: 1543d35b49192d149b3cc3635408d358,
        type: 2}
      propertyPath: m_Sprite
      value: 
      objectReference: {fileID: 21300000, guid: 433486478423d65409ae8a70f33ea1b4,
        type: 3}
    m_RemovedComponents: []
  m_SourcePrefab: {fileID: 100100000, guid: 1543d35b49192d149b3cc3635408d358, type: 2}
  m_IsPrefabAsset: 0
--- !u!1001 &1807419735
Prefab:
  m_ObjectHideFlags: 0
  serializedVersion: 2
  m_Modification:
    m_TransformParent: {fileID: 0}
    m_Modifications:
    - target: {fileID: 4125280736119572, guid: 27c4fcb5f0d2cb646b44b1958ad61f2a, type: 2}
      propertyPath: m_LocalPosition.x
      value: 38.7
      objectReference: {fileID: 0}
    - target: {fileID: 4125280736119572, guid: 27c4fcb5f0d2cb646b44b1958ad61f2a, type: 2}
      propertyPath: m_LocalPosition.y
      value: 0.4
      objectReference: {fileID: 0}
    - target: {fileID: 4125280736119572, guid: 27c4fcb5f0d2cb646b44b1958ad61f2a, type: 2}
      propertyPath: m_LocalPosition.z
      value: 0
      objectReference: {fileID: 0}
    - target: {fileID: 4125280736119572, guid: 27c4fcb5f0d2cb646b44b1958ad61f2a, type: 2}
      propertyPath: m_LocalRotation.x
      value: 0
      objectReference: {fileID: 0}
    - target: {fileID: 4125280736119572, guid: 27c4fcb5f0d2cb646b44b1958ad61f2a, type: 2}
      propertyPath: m_LocalRotation.y
      value: 0
      objectReference: {fileID: 0}
    - target: {fileID: 4125280736119572, guid: 27c4fcb5f0d2cb646b44b1958ad61f2a, type: 2}
      propertyPath: m_LocalRotation.z
      value: 0
      objectReference: {fileID: 0}
    - target: {fileID: 4125280736119572, guid: 27c4fcb5f0d2cb646b44b1958ad61f2a, type: 2}
      propertyPath: m_LocalRotation.w
      value: 1
      objectReference: {fileID: 0}
    - target: {fileID: 4125280736119572, guid: 27c4fcb5f0d2cb646b44b1958ad61f2a, type: 2}
      propertyPath: m_RootOrder
      value: 5
      objectReference: {fileID: 0}
    - target: {fileID: 1019613315029806, guid: 27c4fcb5f0d2cb646b44b1958ad61f2a, type: 2}
      propertyPath: m_Name
      value: Starlight (3)
      objectReference: {fileID: 0}
    m_RemovedComponents: []
  m_SourcePrefab: {fileID: 100100000, guid: 27c4fcb5f0d2cb646b44b1958ad61f2a, type: 2}
  m_IsPrefabAsset: 0
--- !u!1001 &2013207990
Prefab:
  m_ObjectHideFlags: 0
  serializedVersion: 2
  m_Modification:
    m_TransformParent: {fileID: 0}
    m_Modifications:
    - target: {fileID: 4125280736119572, guid: 27c4fcb5f0d2cb646b44b1958ad61f2a, type: 2}
      propertyPath: m_LocalPosition.x
      value: 38.176258
      objectReference: {fileID: 0}
    - target: {fileID: 4125280736119572, guid: 27c4fcb5f0d2cb646b44b1958ad61f2a, type: 2}
      propertyPath: m_LocalPosition.y
      value: -3.5
      objectReference: {fileID: 0}
    - target: {fileID: 4125280736119572, guid: 27c4fcb5f0d2cb646b44b1958ad61f2a, type: 2}
      propertyPath: m_LocalPosition.z
      value: 0
      objectReference: {fileID: 0}
    - target: {fileID: 4125280736119572, guid: 27c4fcb5f0d2cb646b44b1958ad61f2a, type: 2}
      propertyPath: m_LocalRotation.x
      value: 0
      objectReference: {fileID: 0}
    - target: {fileID: 4125280736119572, guid: 27c4fcb5f0d2cb646b44b1958ad61f2a, type: 2}
      propertyPath: m_LocalRotation.y
      value: 0
      objectReference: {fileID: 0}
    - target: {fileID: 4125280736119572, guid: 27c4fcb5f0d2cb646b44b1958ad61f2a, type: 2}
      propertyPath: m_LocalRotation.z
      value: 0
      objectReference: {fileID: 0}
    - target: {fileID: 4125280736119572, guid: 27c4fcb5f0d2cb646b44b1958ad61f2a, type: 2}
      propertyPath: m_LocalRotation.w
      value: 1
      objectReference: {fileID: 0}
    - target: {fileID: 4125280736119572, guid: 27c4fcb5f0d2cb646b44b1958ad61f2a, type: 2}
      propertyPath: m_RootOrder
      value: 4
      objectReference: {fileID: 0}
    - target: {fileID: 1019613315029806, guid: 27c4fcb5f0d2cb646b44b1958ad61f2a, type: 2}
      propertyPath: m_Name
      value: Starlight (2)
      objectReference: {fileID: 0}
    m_RemovedComponents: []
  m_SourcePrefab: {fileID: 100100000, guid: 27c4fcb5f0d2cb646b44b1958ad61f2a, type: 2}
  m_IsPrefabAsset: 0
--- !u!1001 &2026446464
Prefab:
  m_ObjectHideFlags: 0
  serializedVersion: 2
  m_Modification:
    m_TransformParent: {fileID: 0}
    m_Modifications:
    - target: {fileID: 4125280736119572, guid: 27c4fcb5f0d2cb646b44b1958ad61f2a, type: 2}
      propertyPath: m_LocalPosition.x
      value: 12.56
      objectReference: {fileID: 0}
    - target: {fileID: 4125280736119572, guid: 27c4fcb5f0d2cb646b44b1958ad61f2a, type: 2}
      propertyPath: m_LocalPosition.y
      value: -8.81
      objectReference: {fileID: 0}
    - target: {fileID: 4125280736119572, guid: 27c4fcb5f0d2cb646b44b1958ad61f2a, type: 2}
      propertyPath: m_LocalPosition.z
      value: 0
      objectReference: {fileID: 0}
    - target: {fileID: 4125280736119572, guid: 27c4fcb5f0d2cb646b44b1958ad61f2a, type: 2}
      propertyPath: m_LocalRotation.x
      value: 0
      objectReference: {fileID: 0}
    - target: {fileID: 4125280736119572, guid: 27c4fcb5f0d2cb646b44b1958ad61f2a, type: 2}
      propertyPath: m_LocalRotation.y
      value: 0
      objectReference: {fileID: 0}
    - target: {fileID: 4125280736119572, guid: 27c4fcb5f0d2cb646b44b1958ad61f2a, type: 2}
      propertyPath: m_LocalRotation.z
      value: 0
      objectReference: {fileID: 0}
    - target: {fileID: 4125280736119572, guid: 27c4fcb5f0d2cb646b44b1958ad61f2a, type: 2}
      propertyPath: m_LocalRotation.w
      value: 1
      objectReference: {fileID: 0}
    - target: {fileID: 4125280736119572, guid: 27c4fcb5f0d2cb646b44b1958ad61f2a, type: 2}
      propertyPath: m_RootOrder
      value: 12
      objectReference: {fileID: 0}
    m_RemovedComponents: []
  m_SourcePrefab: {fileID: 100100000, guid: 27c4fcb5f0d2cb646b44b1958ad61f2a, type: 2}
  m_IsPrefabAsset: 0
